[gd_scene load_steps=14 format=2]

[ext_resource path="res://assets/graphics/points/boer/boer_1.png" type="Texture" id=1]
[ext_resource path="res://assets/graphics/points/boer/boer_2.png" type="Texture" id=2]
[ext_resource path="res://assets/graphics/points/boer/boer_3.png" type="Texture" id=3]
[ext_resource path="res://assets/graphics/points/boer/boer_4.png" type="Texture" id=4]
[ext_resource path="res://assets/graphics/points/boer/boer_5.png" type="Texture" id=5]
[ext_resource path="res://assets/graphics/points/boer/boer_6.png" type="Texture" id=6]
[ext_resource path="res://assets/graphics/points/boer/boer_7.png" type="Texture" id=7]
[ext_resource path="res://assets/scenes/points/_indicator.tscn" type="PackedScene" id=8]

[sub_resource type="RectangleShape2D" id=1]
extents = Vector2( 48, 8 )

[sub_resource type="RectangleShape2D" id=2]
extents = Vector2( 12, 19 )

[sub_resource type="Animation" id=3]
tracks/0/type = "value"
tracks/0/path = NodePath("left:position")
tracks/0/interp = 2
tracks/0/loop_wrap = true
tracks/0/imported = false
tracks/0/enabled = true
tracks/0/keys = {
"times": PoolRealArray( 0, 0.3, 0.4, 1 ),
"transitions": PoolRealArray( 1, 1, 1, 1 ),
"update": 0,
"values": [ Vector2( -8, 0 ), Vector2( -8, -16 ), Vector2( -8, -16 ), Vector2( -24, -16 ) ]
}
tracks/1/type = "value"
tracks/1/path = NodePath("right:position")
tracks/1/interp = 2
tracks/1/loop_wrap = true
tracks/1/imported = false
tracks/1/enabled = true
tracks/1/keys = {
"times": PoolRealArray( 0, 0.3, 0.4, 1 ),
"transitions": PoolRealArray( 1, 1, 1, 1 ),
"update": 0,
"values": [ Vector2( 8, 0 ), Vector2( 8, -16 ), Vector2( 8, -16 ), Vector2( 24, -16 ) ]
}
tracks/2/type = "value"
tracks/2/path = NodePath("base:speed_scale")
tracks/2/interp = 2
tracks/2/loop_wrap = true
tracks/2/imported = false
tracks/2/enabled = true
tracks/2/keys = {
"times": PoolRealArray( 0, 1 ),
"transitions": PoolRealArray( 1, 1 ),
"update": 0,
"values": [ 0.0, 3.0 ]
}
tracks/3/type = "value"
tracks/3/path = NodePath("plate_col2:position")
tracks/3/interp = 1
tracks/3/loop_wrap = true
tracks/3/imported = false
tracks/3/enabled = true
tracks/3/keys = {
"times": PoolRealArray( 0, 0.3, 0.4, 1 ),
"transitions": PoolRealArray( 1, 1, 1, 1 ),
"update": 0,
"values": [ Vector2( 8, 0 ), Vector2( 8, -16 ), Vector2( 8, -16 ), Vector2( 24, -16 ) ]
}
tracks/4/type = "value"
tracks/4/path = NodePath("plate_col:position")
tracks/4/interp = 1
tracks/4/loop_wrap = true
tracks/4/imported = false
tracks/4/enabled = true
tracks/4/keys = {
"times": PoolRealArray( 0, 0.3, 0.4, 1 ),
"transitions": PoolRealArray( 1, 1, 1, 1 ),
"update": 0,
"values": [ Vector2( -8, 0 ), Vector2( -8, -16 ), Vector2( -8, -16 ), Vector2( -24, -16 ) ]
}

[sub_resource type="SpriteFrames" id=4]
animations = [ {
"frames": [ ExtResource( 1 ), ExtResource( 2 ), ExtResource( 3 ) ],
"loop": true,
"name": "default",
"speed": 5.0
} ]

[sub_resource type="RectangleShape2D" id=5]
extents = Vector2( 8, 28 )

[node name="point" type="StaticBody2D"]
position = Vector2( 0, -12 )
collision_layer = 3
collision_mask = 3

[node name="col" type="CollisionShape2D" parent="."]
position = Vector2( 0, 20 )
shape = SubResource( 1 )

[node name="col_boer" type="CollisionShape2D" parent="."]
position = Vector2( 0, -7 )
shape = SubResource( 2 )

[node name="anim" type="AnimationPlayer" parent="."]
playback_process_mode = 2
playback_default_blend_time = 0.1
anims/default = SubResource( 3 )

[node name="base" type="AnimatedSprite" parent="."]
frames = SubResource( 4 )
speed_scale = 0.0
playing = true

[node name="left" type="Sprite" parent="."]
position = Vector2( -8, 0 )
texture = ExtResource( 4 )

[node name="right" type="Sprite" parent="."]
position = Vector2( 8, 0 )
texture = ExtResource( 5 )

[node name="left_b" type="Sprite" parent="."]
position = Vector2( -32, 20 )
texture = ExtResource( 6 )

[node name="right_b" type="Sprite" parent="."]
position = Vector2( 32, 20 )
texture = ExtResource( 7 )

[node name="plate_col" type="CollisionShape2D" parent="."]
position = Vector2( -8, 0 )
shape = SubResource( 5 )

[node name="plate_col2" type="CollisionShape2D" parent="."]
position = Vector2( 8, 0 )
shape = SubResource( 5 )

[node name="indicator" parent="." instance=ExtResource( 8 )]
position = Vector2( -31.4846, 20.1733 )

[node name="indicator2" parent="." instance=ExtResource( 8 )]
position = Vector2( 32.1871, 20.3623 )
