[gd_scene load_steps=11 format=2]

[ext_resource path="res://assets/graphics/points/drill/drill_1.png" type="Texture" id=1]
[ext_resource path="res://assets/graphics/points/drill/drill_2.png" type="Texture" id=2]
[ext_resource path="res://assets/graphics/points/drill/drill_3.png" type="Texture" id=3]
[ext_resource path="res://assets/graphics/points/drill/drill_4.png" type="Texture" id=4]
[ext_resource path="res://assets/graphics/points/drill/drill_5.png" type="Texture" id=5]
[ext_resource path="res://assets/scenes/points/_indicator.tscn" type="PackedScene" id=6]

[sub_resource type="RectangleShape2D" id=1]
extents = Vector2( 16, 6 )

[sub_resource type="RectangleShape2D" id=2]
extents = Vector2( 10, 8 )

[sub_resource type="Animation" id=3]
tracks/0/type = "value"
tracks/0/path = NodePath("cap:position")
tracks/0/interp = 2
tracks/0/loop_wrap = true
tracks/0/imported = false
tracks/0/enabled = true
tracks/0/keys = {
"times": PoolRealArray( 0, 1 ),
"transitions": PoolRealArray( 1, 1 ),
"update": 0,
"values": [ Vector2( 0, -7 ), Vector2( 0, -20 ) ]
}
tracks/1/type = "value"
tracks/1/path = NodePath("base:speed_scale")
tracks/1/interp = 2
tracks/1/loop_wrap = true
tracks/1/imported = false
tracks/1/enabled = true
tracks/1/keys = {
"times": PoolRealArray( 0, 1 ),
"transitions": PoolRealArray( 1, 1 ),
"update": 0,
"values": [ 0.0, 3.0 ]
}
tracks/2/type = "value"
tracks/2/path = NodePath("cap2:position")
tracks/2/interp = 2
tracks/2/loop_wrap = true
tracks/2/imported = false
tracks/2/enabled = true
tracks/2/keys = {
"times": PoolRealArray( 0, 1 ),
"transitions": PoolRealArray( 1, 1 ),
"update": 0,
"values": [ Vector2( 0, -7 ), Vector2( 0, -20 ) ]
}

[sub_resource type="SpriteFrames" id=4]
animations = [ {
"frames": [ ExtResource( 1 ), ExtResource( 2 ), ExtResource( 3 ), ExtResource( 4 ) ],
"loop": true,
"name": "idle",
"speed": 5.0
} ]

[node name="point" type="StaticBody2D"]
position = Vector2( 0, 3 )
collision_layer = 3
collision_mask = 3

[node name="col" type="CollisionShape2D" parent="."]
position = Vector2( 0, 7 )
shape = SubResource( 1 )

[node name="cap2" type="CollisionShape2D" parent="."]
position = Vector2( 0, -7 )
shape = SubResource( 2 )

[node name="anim" type="AnimationPlayer" parent="."]
playback_process_mode = 2
playback_default_blend_time = 0.1
anims/default = SubResource( 3 )

[node name="base" type="AnimatedSprite" parent="."]
frames = SubResource( 4 )
animation = "idle"
frame = 2
speed_scale = 0.0
playing = true

[node name="cap" type="Sprite" parent="."]
position = Vector2( 0, -7 )
texture = ExtResource( 5 )

[node name="indicator" parent="." instance=ExtResource( 6 )]
position = Vector2( 0.0678921, 5.87483 )
