[gd_scene load_steps=10 format=2]

[ext_resource path="res://assets/graphics/points/fire_point/fire_point_1.png" type="Texture" id=1]
[ext_resource path="res://assets/graphics/points/fire_point/fire_point_3.png" type="Texture" id=2]
[ext_resource path="res://assets/graphics/points/fire_point/fire_point_2.png" type="Texture" id=3]
[ext_resource path="res://assets/graphics/points/fire_point/fire_point_4.png" type="Texture" id=4]
[ext_resource path="res://assets/scenes/points/_indicator.tscn" type="PackedScene" id=5]

[sub_resource type="RectangleShape2D" id=1]
extents = Vector2( 31, 7.5 )

[sub_resource type="RectangleShape2D" id=2]
extents = Vector2( 7, 11 )

[sub_resource type="RectangleShape2D" id=3]
extents = Vector2( 10, 12 )

[sub_resource type="Animation" id=4]
tracks/0/type = "value"
tracks/0/path = NodePath("upper:position")
tracks/0/interp = 2
tracks/0/loop_wrap = true
tracks/0/imported = false
tracks/0/enabled = true
tracks/0/keys = {
"times": PoolRealArray( 0, 0.5 ),
"transitions": PoolRealArray( 1, 1 ),
"update": 0,
"values": [ Vector2( 0, 1 ), Vector2( 0, -6 ) ]
}
tracks/1/type = "value"
tracks/1/path = NodePath("left:position")
tracks/1/interp = 2
tracks/1/loop_wrap = true
tracks/1/imported = false
tracks/1/enabled = true
tracks/1/keys = {
"times": PoolRealArray( 0, 0.5, 1 ),
"transitions": PoolRealArray( 1, 1, 1 ),
"update": 0,
"values": [ Vector2( -10, -3 ), Vector2( -10, -11 ), Vector2( -21, -11 ) ]
}
tracks/2/type = "value"
tracks/2/path = NodePath("right:position")
tracks/2/interp = 2
tracks/2/loop_wrap = true
tracks/2/imported = false
tracks/2/enabled = true
tracks/2/keys = {
"times": PoolRealArray( 0, 0.5, 1 ),
"transitions": PoolRealArray( 1, 1, 1 ),
"update": 0,
"values": [ Vector2( 10, -3 ), Vector2( 10, -11 ), Vector2( 21, -11 ) ]
}
tracks/3/type = "value"
tracks/3/path = NodePath("upper2:position")
tracks/3/interp = 2
tracks/3/loop_wrap = true
tracks/3/imported = false
tracks/3/enabled = true
tracks/3/keys = {
"times": PoolRealArray( 0, 0.5, 1 ),
"transitions": PoolRealArray( 1, 1, 1 ),
"update": 0,
"values": [ Vector2( 0, -4 ), Vector2( 0, -11 ), Vector2( 0, -11 ) ]
}
tracks/4/type = "value"
tracks/4/path = NodePath("right2:position")
tracks/4/interp = 2
tracks/4/loop_wrap = true
tracks/4/imported = false
tracks/4/enabled = true
tracks/4/keys = {
"times": PoolRealArray( 0, 0.5, 1 ),
"transitions": PoolRealArray( 1, 1, 1 ),
"update": 0,
"values": [ Vector2( 10, -3 ), Vector2( 10, -11 ), Vector2( 21, -11 ) ]
}
tracks/5/type = "value"
tracks/5/path = NodePath("left2:position")
tracks/5/interp = 2
tracks/5/loop_wrap = true
tracks/5/imported = false
tracks/5/enabled = true
tracks/5/keys = {
"times": PoolRealArray( 0, 0.5, 1 ),
"transitions": PoolRealArray( 1, 1, 1 ),
"update": 0,
"values": [ Vector2( -10, -3 ), Vector2( -10, -11 ), Vector2( -21, -11 ) ]
}

[node name="point" type="StaticBody2D"]
collision_layer = 3
collision_mask = 3

[node name="col" type="CollisionShape2D" parent="."]
position = Vector2( 0, 8.5 )
shape = SubResource( 1 )

[node name="upper2" type="CollisionShape2D" parent="."]
position = Vector2( 0, -4 )
shape = SubResource( 2 )

[node name="left2" type="CollisionShape2D" parent="."]
position = Vector2( -10, -3 )
shape = SubResource( 3 )

[node name="right2" type="CollisionShape2D" parent="."]
position = Vector2( 10, -3 )
shape = SubResource( 3 )

[node name="anim" type="AnimationPlayer" parent="."]
playback_process_mode = 2
playback_default_blend_time = 0.1
anims/default = SubResource( 4 )

[node name="base" type="Sprite" parent="."]
position = Vector2( 0, 9 )
texture = ExtResource( 1 )

[node name="left" type="Sprite" parent="."]
position = Vector2( -10, -3 )
texture = ExtResource( 2 )

[node name="right" type="Sprite" parent="."]
position = Vector2( 10, -3 )
texture = ExtResource( 3 )

[node name="upper" type="Sprite" parent="."]
position = Vector2( 0, 1 )
z_index = -1
texture = ExtResource( 4 )

[node name="indicator" parent="." instance=ExtResource( 5 )]
position = Vector2( -24.0544, 9.09113 )

[node name="color" parent="indicator" index="0"]
margin_left = -4.0
margin_right = 4.0

[node name="indicator2" parent="." instance=ExtResource( 5 )]
position = Vector2( 24.1901, 9.09113 )

[editable path="indicator"]
